%YAML 1.1
%TAG !u! tag:unity3d.com,2011:
--- !u!1001 &100100000
Prefab:
  m_ObjectHideFlags: 1
  serializedVersion: 2
  m_Modification:
    m_TransformParent: {fileID: 0}
    m_Modifications: []
    m_RemovedComponents: []
  m_ParentPrefab: {fileID: 0}
  m_RootGameObject: {fileID: 1556833247185360}
  m_IsPrefabParent: 1
--- !u!1 &1556833247185360
GameObject:
  m_ObjectHideFlags: 0
  m_PrefabParentObject: {fileID: 0}
  m_PrefabInternal: {fileID: 100100000}
  serializedVersion: 5
  m_Component:
  - component: {fileID: 4398582395460566}
  - component: {fileID: 212628581519738124}
  - component: {fileID: 114172945189089568}
  - component: {fileID: 95201720290987196}
  m_Layer: 0
  m_Name: RedGhost 1
  m_TagString: Ghost
  m_Icon: {fileID: 0}
  m_NavMeshLayer: 0
  m_StaticEditorFlags: 0
  m_IsActive: 1
--- !u!4 &4398582395460566
Transform:
  m_ObjectHideFlags: 1
  m_PrefabParentObject: {fileID: 0}
  m_PrefabInternal: {fileID: 100100000}
  m_GameObject: {fileID: 1556833247185360}
  m_LocalRotation: {x: 0, y: 0, z: 0, w: 1}
  m_LocalPosition: {x: 22.5, y: 9.5, z: 0}
  m_LocalScale: {x: 1, y: 1, z: 1}
  m_Children: []
  m_Father: {fileID: 0}
  m_RootOrder: 0
  m_LocalEulerAnglesHint: {x: 0, y: 0, z: 0}
--- !u!95 &95201720290987196
Animator:
  serializedVersion: 3
  m_ObjectHideFlags: 1
  m_PrefabParentObject: {fileID: 0}
  m_PrefabInternal: {fileID: 100100000}
  m_GameObject: {fileID: 1556833247185360}
  m_Enabled: 1
  m_Avatar: {fileID: 0}
  m_Controller: {fileID: 0}
  m_CullingMode: 0
  m_UpdateMode: 0
  m_ApplyRootMotion: 0
  m_LinearVelocityBlending: 0
  m_WarningMessage: 
  m_HasTransformHierarchy: 1
  m_AllowConstantClipSamplingOptimization: 1
--- !u!114 &114172945189089568
MonoBehaviour:
  m_ObjectHideFlags: 1
  m_PrefabParentObject: {fileID: 0}
  m_PrefabInternal: {fileID: 100100000}
  m_GameObject: {fileID: 1556833247185360}
  m_Enabled: 1
  m_EditorHideFlags: 0
  m_Script: {fileID: 11500000, guid: 25564159f35ed4ab1b46561671d9341b, type: 3}
  m_Name: 
  m_EditorClassIdentifier: 
  speedMovimiento: 3.9
  scaredModoSpeed: 2.9
  comidoSpeed: 15
  normalSpeed: 3.9
  canMove: 1
  posIni: {fileID: 0}
  homeNodo: {fileID: 0}
  house: {fileID: 0}
  pinkReleaseTimer: 5
  blueReleaseTimer: 14
  orangeReleaseTimer: 21
  scaredModoDuracion: 10
  startWhiteAt: 7
  ghostReleaseTimer: 0
  isInHouse: 0
  locoGhostTimer1: 7
  chasingMode1: 20
  locoGhostTimer2: 7
  chasingMode2: 20
  locoGhostTimer3: 5
  chasingMode3: 20
  locoGhostTimer4: 5
  chasingMode4: 20
  ghostArriba: {fileID: 9100000, guid: 13375df14a39b4adfbbaec4cf4fadc50, type: 2}
  ghostAbajo: {fileID: 9100000, guid: 5739906c103214f0e86fc543ac1e7f33, type: 2}
  ghostIzq: {fileID: 9100000, guid: 05e28f49bd49649f8a2fc506f938402d, type: 2}
  ghostDer: {fileID: 9100000, guid: 34afb465ce35d45f78b4befa10db4032, type: 2}
  ghostBlanco: {fileID: 9100000, guid: 5678404bffb1140599a50b0d11a1976a, type: 2}
  ghostScared: {fileID: 9100000, guid: 817fef037188e42cf89a36ceed3cbf74, type: 2}
  ojosUp: {fileID: 21300000, guid: df4c434ffadad45fa82f470e188fd893, type: 3}
  ojosAbajo: {fileID: 21300000, guid: 153e7905c70ec4b489d9f120fbad1dbb, type: 3}
  ojosIzq: {fileID: 21300000, guid: 6f5212c12900f4929a0d439c6c69a4aa, type: 3}
  ojosDer: {fileID: 21300000, guid: 111a9f8d317ef4cef8409863e0ff05fa, type: 3}
  tipoGhost: 0
--- !u!212 &212628581519738124
SpriteRenderer:
  m_ObjectHideFlags: 1
  m_PrefabParentObject: {fileID: 0}
  m_PrefabInternal: {fileID: 100100000}
  m_GameObject: {fileID: 1556833247185360}
  m_Enabled: 1
  m_CastShadows: 0
  m_ReceiveShadows: 0
  m_MotionVectors: 1
  m_LightProbeUsage: 1
  m_ReflectionProbeUsage: 1
  m_Materials:
  - {fileID: 10754, guid: 0000000000000000f000000000000000, type: 0}
  m_StaticBatchInfo:
    firstSubMesh: 0
    subMeshCount: 0
  m_StaticBatchRoot: {fileID: 0}
  m_ProbeAnchor: {fileID: 0}
  m_LightProbeVolumeOverride: {fileID: 0}
  m_ScaleInLightmap: 1
  m_PreserveUVs: 0
  m_IgnoreNormalsForChartDetection: 0
  m_ImportantGI: 0
  m_SelectedEditorRenderState: 0
  m_MinimumChartSize: 4
  m_AutoUVMaxDistance: 0.5
  m_AutoUVMaxAngle: 89
  m_LightmapParameters: {fileID: 0}
  m_SortingLayerID: 0
  m_SortingLayer: 0
  m_SortingOrder: 0
  m_Sprite: {fileID: 21300000, guid: 91f2720324aae432ca77dd972ea307ec, type: 3}
  m_Color: {r: 1, g: 1, b: 1, a: 1}
  m_FlipX: 0
  m_FlipY: 0
  m_DrawMode: 0
  m_Size: {x: 2, y: 2}
  m_AdaptiveModeThreshold: 0.5
  m_SpriteTileMode: 0
  m_WasSpriteAssigned: 1
  m_MaskInteraction: 0
